<record><leader>00000cas a22000007a 4500</leader><controlfield tag="001">10249292</controlfield><controlfield tag="008">831223d19721979ohuwr ne      0    0eng d</controlfield><datafield ind1=" " ind2=" " tag="010"><subfield code="a">sn 83035678 </subfield></datafield><datafield ind1=" " ind2=" " tag="040"><subfield code="a">NPY</subfield><subfield code="b">eng</subfield><subfield code="c">NPY</subfield><subfield code="d">OCLCQ</subfield></datafield><datafield ind1=" " ind2=" " tag="042"><subfield code="a">msc</subfield></datafield><datafield ind1="0" ind2="4" tag="245"><subfield code="a">The Scoop-journal.</subfield></datafield><datafield ind1=" " ind2=" " tag="260"><subfield code="a">[Cleveland, Ohio] :</subfield><subfield code="b">Collinwood Pub. Co.,</subfield><subfield code="c">1972-1979.</subfield></datafield><datafield ind1=" " ind2=" " tag="300"><subfield code="a">7 v. :</subfield><subfield code="b">ill. ;</subfield><subfield code="c">59 cm.</subfield></datafield><datafield ind1=" " ind2=" " tag="310"><subfield code="a">Weekly</subfield></datafield><datafield ind1="0" ind2=" " tag="362"><subfield code="a">53rd year, no. 22 (June 8, 1972)-v. 60, no. 43 (Oct. 25, 1979).</subfield></datafield><datafield ind1=" " ind2=" " tag="500"><subfield code="a">Published on Thursday.</subfield></datafield><datafield ind1=" " ind2=" " tag="500"><subfield code="a">Publisher varies.</subfield></datafield><datafield ind1=" " ind2=" " tag="500"><subfield code="a">Editor: Dorothy B. McCracken.</subfield></datafield><datafield ind1=" " ind2=" " tag="521"><subfield code="a">"Serving Northeast Cleveland."</subfield></datafield><datafield ind1=" " ind2=" " tag="580"><subfield code="a">Published from the same office and edited by same editor: Euclid news-journal.</subfield></datafield><datafield ind1="1" ind2=" " tag="700"><subfield code="a">McCracken, Dorothy B.</subfield></datafield><datafield ind1=" " ind2=" " tag="752"><subfield code="a">United States</subfield><subfield code="b">Ohio</subfield><subfield code="c">Cuyahoga</subfield><subfield code="d">Cleveland.</subfield></datafield><datafield ind1="0" ind2="0" tag="780"><subfield code="t">Scoop (Cleveland, Ohio : 1919)</subfield><subfield code="w">(DLC)sn 83035677</subfield></datafield><datafield ind1="0" ind2="0" tag="785"><subfield code="t">Sun scoop journal</subfield><subfield code="w">(DLC)sn 83035679</subfield></datafield><datafield ind1="1" ind2=" " tag="787"><subfield code="t">Euclid news-journal</subfield><subfield code="w">(DLC)sn 83035680</subfield></datafield><datafield ind1="1" ind2=" " tag="029"><subfield code="a">AU@</subfield><subfield code="b">000025787228</subfield></datafield></record>